@article{licklider,
  title={Memorandum for Members and affiliates of the Intergalactic Computer Network},
  author={Licklider, Joseph CR},
  journal={Apr},
  volume={23},
  pages={350--1},
  year={1963}
}

@article{nist,
  title={The NIST definition of cloud computing},
  author={Mell, Peter and Grance, Tim},
  year={2011},
  publisher={Computer Security Division, Information Technology Laboratory, National Institute of Standards and Technology},
  volume={x}
}

@inproceedings{taxonomy,
  title={A taxonomy and survey of cloud computing systems},
  author={Rimal, Bhaskar Prasad and Choi, Eunmi and Lumb, Ian},
  booktitle={INC, IMS and IDC, 2009. NCM'09. Fifth International Joint Conference on},
  pages={44--51},
  year={2009},
  organization={Ieee}
}

@incollection{cathome,
  title={Cloud@ home: Bridging the gap between volunteer and cloud computing},
  author={Cunsolo, Vincenzo D and Distefano, Salvatore and Puliafito, Antonio and Scarpa, Marco},
  booktitle={Emerging Intelligent Computing Technology and Applications},
  pages={423--432},
  year={2009},
  publisher={Springer}
}

@misc{blewis,
  title = {Separation of Responsibilities.},
  author = {Lewis, Brian},
  year = {2011},
  note = {Taken from http://mythoughtsonit.com/2011/04/infrastructure-as-a-service-platform-as-a-service-software-as-a-servicetake-a-look-at-the-management-stack, Consulted: November 19th 2014.}

}

@inproceedings{gfs,
  title={The Google file system},
  author={Ghemawat, Sanjay and Gobioff, Howard and Leung, Shun-Tak},
  booktitle={ACM SIGOPS Operating Systems Review},
  volume={37},
  pages={29--43},
  year={2003},
  organization={ACM}
}

@incollection{cathome6,
  title={Open and Interoperable Clouds: The Cloud@ Home Way},
  author={Cunsolo, Vincenzo D and Distefano, Salvatore and Puliafito, Antonio and Scarpa, Marco},
  booktitle={Cloud Computing},
  pages={93--111},
  year={2010},
  publisher={Springer}
}

@inproceedings{cathome9,
  title={The cloud@ home resource management system},
  author={Distefano, Salvatore and Fazio, Maria and Puliafito, Antonio},
  booktitle={Utility and Cloud Computing (UCC), 2011 Fourth IEEE International Conference on},
  pages={122--129},
  year={2011},
  organization={IEEE}
}

@article{cathome11,
  title={Cloud@ Home: Toward a Volunteer Cloud},
  author={Distefano, Salvatore and Puliafito, Antonio},
  journal={IT Professional},
  volume={14},
  number={1},
  pages={27--31},
  year={2012}
}

@inproceedings{P2PCS,
  title={Design and implementation of a p2p cloud system},
  author={Babaoglu, Ozalp and Marzolla, Moreno and Tamburini, Michele},
  booktitle={Proceedings of the 27th Annual ACM Symposium on Applied Computing},
  pages={412--417},
  year={2012},
  organization={ACM}
}

@article{web20,
  title={What is Web 2.0: Design patterns and business models for the next generation of software},
  author={O'reilly, Tim},
  journal={Communications and Strategies},
  volume={65},
  number={1},
  pages={17--37},
  year={2007}
}

@inproceedings{ontology,
  title={Toward a unified ontology of cloud computing},
  author={Youseff, Lamia and Butrico, Maria and Da Silva, Dilma},
  booktitle={Grid Computing Environments Workshop, 2008. GCE'08},
  pages={1--10},
  year={2008},
  organization={IEEE}
}

@article{soa_cloud,
  title={Cloud computing: state-of-the-art and research challenges},
  author={Zhang, Qi and Cheng, Lu and Boutaba, Raouf},
  journal={Journal of internet services and applications},
  volume={1},
  number={1},
  pages={7--18},
  year={2010},
  publisher={Springer}
}

@article{vaquero,
  title={A break in the clouds: towards a cloud definition},
  author={Vaquero, Luis M and Rodero-Merino, Luis and Caceres, Juan and Lindner, Maik},
  journal={ACM SIGCOMM Computer Communication Review},
  volume={39},
  number={1},
  pages={50--55},
  year={2008},
  publisher={ACM}
}

@book{panzieri,
  title={Distributed computing in the 21st century: Some aspects of cloud computing},
  author={Panzieri, Fabio and Babaoglu, Ozalp and Ferretti, Stefano and Ghini, Vittorio and Marzolla, Moreno},
  year={2011},
  publisher={Springer}
}

@inproceedings{marzolla2011server,
  title={Server consolidation in clouds through gossiping},
  author={Marzolla, Moreno and Babaoglu, Ozalp and Panzieri, Fabio},
  booktitle={World of Wireless, Mobile and Multimedia Networks (WoWMoM), 2011 IEEE International Symposium on a},
  pages={1--6},
  year={2011},
  organization={IEEE}
}

@article{p2p_collab,
  title={Collaborative applications over peer-to-peer systems--challenges and solutions},
  author={Bandara, HMN Dilum and Jayasumana, Anura P},
  journal={Peer-to-Peer Networking and Applications},
  volume={6},
  number={3},
  pages={257--276},
  year={2013},
  publisher={Springer}
}

@article{pss,
  title={Gossip-based peer sampling},
  author={Jelasity, M{\'a}rk and Voulgaris, Spyros and Guerraoui, Rachid and Kermarrec, Anne-Marie and Van Steen, Maarten},
  journal={ACM Transactions on Computer Systems (TOCS)},
  volume={25},
  number={3},
  pages={8},
  year={2007},
  publisher={ACM}
}

@inproceedings{jelasity2006ordered,
  title={Ordered slicing of very large-scale overlay networks},
  author={Jelasity, Mark and Kermarrec, A-M},
  booktitle={Peer-to-Peer Computing, 2006. P2P 2006. Sixth IEEE International Conference on},
  pages={117--124},
  year={2006},
  organization={IEEE}
}

@incollection{cunsolo2010open,
  title={Open and Interoperable Clouds: The Cloud@ Home Way},
  author={Cunsolo, Vincenzo D and Distefano, Salvatore and Puliafito, Antonio and Scarpa, Marco},
  booktitle={Cloud Computing},
  pages={93--111},
  year={2010},
  publisher={Springer}
}

@article{lua2005survey,
  title={A survey and comparison of peer-to-peer overlay network schemes.},
  author={Lua, Eng Keong and Crowcroft, Jon and Pias, Marcelo and Sharma, Ravi and Lim, Steven and others},
  journal={IEEE Communications Surveys and Tutorials},
  volume={7},
  number={1-4},
  pages={72--93},
  year={2005}
}

@incollection{riviere2011gossip,
  title={Gossip-based networking for internet-scale distributed systems},
  author={Riviere, Etienne and Voulgaris, Spyros},
  booktitle={E-Technologies: Transformation in a Connected World},
  pages={253--284},
  year={2011},
  publisher={Springer}
}

@inproceedings{demers1987epidemic,
  title={Epidemic algorithms for replicated database maintenance},
  author={Demers, Alan and Greene, Dan and Hauser, Carl and Irish, Wes and Larson, John and Shenker, Scott and Sturgis, Howard and Swinehart, Dan and Terry, Doug},
  booktitle={Proceedings of the sixth annual ACM Symposium on Principles of distributed computing},
  pages={1--12},
  year={1987},
  organization={ACM}
}

@article{jelasity2009t,
  title={T-Man: Gossip-based fast overlay topology construction},
  author={Jelasity, M{\'a}rk and Montresor, Alberto and Babaoglu, Ozalp},
  journal={Computer networks},
  volume={53},
  number={13},
  pages={2321--2339},
  year={2009},
  publisher={Elsevier}
}

@inproceedings{bandara2012evaluation,
  title={Evaluation of P2P resource discovery architectures using real-life multi-attribute resource and query characteristics},
  author={Bandara, HMN Dilum and Jayasumana, Anura P},
  booktitle={Consumer Communications and Networking Conference (CCNC), 2012 IEEE},
  pages={634--639},
  year={2012},
  organization={IEEE}
}

@inproceedings{pasquet2014autonomous,
  title={Autonomous Multi-dimensional Slicing for Large-Scale Distributed Systems},
  author={Pasquet, Mathieu and Maia, Francisco and Rivi{\`e}re, Etienne and Schiavoni, Valerio},
  booktitle={Distributed Applications and Interoperable Systems},
  pages={141--155},
  year={2014},
  organization={Springer}
}

@inproceedings{ganesan2004one,
  title={One torus to rule them all: multi-dimensional queries in P2P systems},
  author={Ganesan, Prasanna and Yang, Beverly and Garcia-Molina, Hector},
  booktitle={Proceedings of the 7th International Workshop on the Web and Databases: colocated with ACM SIGMOD/PODS 2004},
  pages={19--24},
  year={2004},
  organization={ACM}
}

@incollection{maymounkov2002kademlia,
  title={Kademlia: A peer-to-peer information system based on the xor metric},
  author={Maymounkov, Petar and Mazieres, David},
  booktitle={Peer-to-Peer Systems},
  pages={53--65},
  year={2002},
  publisher={Springer}
}

@misc{dell,
 author  = {De la Rosa, Jose and Baxley, Kent},
 title   = {LXC containers in Ubuntu Server 14.04 LTS},
 year    = {June 2014},
 howpublished={\url{http://en.community.dell.com/techcenter/os-applications/w/wiki/6950.lxc-containers-in-ubuntu-server-14-04-lts}},
 note    = {Accessed: 30-12-2014},
}

@misc{cgroups,
  title={Linux Kernel Documentation/cgroups/cgroups. txt},
  author={Menage, Paul},
  year={2011}
}

@article{emelyanov2007pid,
  title={PID Namespaces in the 2.6. 24 Kernel},
  author={Emelyanov, Pavel and Kolyshkin, Kir},
  journal={LWN. net, November},
  year={2007}
}

@misc{dockercon,
  title = {DockerCon},
  author = {Hykes, Solomon},
  howpublished = {\url{http://www.dockercon.com/}},
  note = {Accessed: 30-12-2014},
  year ={2014}
}

@inproceedings{gfs,
  title={The Google file system},
  author={Ghemawat, Sanjay and Gobioff, Howard and Leung, Shun-Tak},
  booktitle={ACM SIGOPS Operating Systems Review},
  volume={37},
  number={5},
  pages={29--43},
  year={2003},
  organization={ACM}
}

@misc{gae_web,
title={Google App Engine Documentation},
author={Google Inc.},
howpublished={\url{https://cloud.google.com/appengine/docs}},
note={Accessed: 08-01-2015},
year={2014}
}

@misc{AWS,
title={Amazon Web Services},
author={Amazon Web Services Inc.},
howpublished={\url{http://aws.amazon.com/}},
note={Accessed: 08-01-2015},
year=2015
}

@article{codd1970relational,
  title={A relational model of data for large shared data banks},
  author={Codd, Edgar F},
  journal={Communications of the ACM},
  volume={13},
  number={6},
  pages={377--387},
  year={1970},
  publisher={ACM}
}

@article{linders1976distributed,
  title={Distributed data bases},
  author={Linders, James G},
  journal={Computers \& Geosciences},
  volume={2},
  number={3},
  pages={293--297},
  year={1976},
  publisher={Elsevier}
}

@book{draffan1980distributed,
  title={Distributed data bases},
  author={Draffan, IW and Poole, F},
  year={1980},
  publisher={CUP Archive}
}

@book{ozsu2011principles,
  title={Principles of distributed database systems},
  author={{\"O}zsu, M Tamer and Valduriez, Patrick},
  year={2011},
  publisher={Springer}
}

@article{fitzpatrick2011memcached,
  title={Memcached: a distributed memory object caching system},
  author={Fitzpatrick, Brad},
  journal={Memcached-a Distributed Memory Object Caching System},
  year={2011}
}

@book{ahmed2014collaborative,
  title={Collaborative Web Hosting: Challenges and Research Directions},
  author={Ahmed, Reaz and Boutaba, Raouf},
  year={2014},
  publisher={Springer}
}

@misc{shirey2009rfc,
  title={RFC 4949: Internet Security Glossary, Version 2; 2007},
  author={SHIREY, R},
  year={2009}
}

@techreport{jones2012oauth,
  title={The OAuth 2.0 Authorization Framework: Bearer Token Usage},
  author={Jones, M and Hardt, Dick},
  year={2012},
  institution={RFC 6750, October}
}