@misc{pmap_ref,
title= {pmap(1) - Linux manual page}
author={Michael Kerrisk}
year={2015}
note= {Taken from http://man7.org/linux/man-pages/man1/pmap.1.html, Consulted: June 4th 2015.}}

@misc{cloud_citrix,
  title = {Most American Confused By Cloud Computing According to National Survey},
  author = {Citrix},
  year = {2012},
  note = {Taken from https://www.citrix.com/news/announcements/aug-2012/most-americans-confused-by-cloud-computing-according-to-national.html, Consulted: June 4th 2015.}

}

@misc{cloud_forbes,
  title = {What Cloud Computing Customers Want: Clarity, Simplicity, Support},
  author = {Joe MecKendrick, Forbes},
  year = {2014},
  note = {Taken from http://www.forbes.com/sites/joemckendrick/2014/07/19/what-cloud-computing-customers-want-clarity-simplicity-support/, Consulted: June 4th 2015.}
}


@misc{cloud_oneil,
  title = {Cloud Computing Confusion – The Root Cause?},
  author = {Christine Spisto, O'Neil Software},
  year = {2014},
  note = {Taken from https://www.oneilsoft.com/news-portal/blogs/780-cloud-computing-confusion-the-root-cause, Consulted: June 4th 2015.}
}

@misc{docker_security,
  title = {Docker Security, V1.6},
  author = {Docker Inc.},
  year = {2015},
  note = {Taken from http://docs.docker.com/articles/security/, Consulted: June 4th 2015.}
}



@misc{cloud_tech,
  title = {The confusion around hybrid: Cloud isn’t for everyone, but everyone can use a bit of cloud},
  author = {William Rabis, Cloud Tech News},
  year = {2015},
  note = {Taken from http://www.cloudcomputing-news.net/news/2015/jun/01/confusion-around-hybrid-cloud-isnt-everyone-everyone-can-use-bit-cloud/, Consulted: June 4th 2015.}

}

@inproceedings{antoine2014generic,
  title={A Generic API for Load Balancing in Structured P2P Systems},
  author={Antoine, Maeva and Pellegrino, Laurent and Huet, Fabrice and Baude, Fran{\c{c}}oise},
  booktitle={Computer Architecture and High Performance Computing Workshop (SBAC-PADW), 2014 International Symposium on},
  pages={138--143},
  year={2014},
  organization={IEEE}
}

@article{kansal2012existing,
  title={Existing load balancing techniques in cloud computing: a systematic review},
  author={Kansal, Nidhi Jain and Chana, Inderveer},
  journal={Journal of Information Systems and Communication},
  volume={3},
  number={1},
  pages={87--91},
  year={2012}
}

@article{dara2014multi,
  title={Multi-user protocols with access control for computational privacy in public clouds},
  author={Dara, Sashank},
  journal={arXiv preprint arXiv:1406.1823},
  year={2014}
}

@article{gollmann2010computer,
  title={Computer security},
  author={Gollmann, Dieter},
  journal={Wiley Interdisciplinary Reviews: Computational Statistics},
  volume={2},
  number={5},
  pages={544--554},
  year={2010},
  publisher={Wiley Online Library}
}

@inproceedings{nyanchama1995modeling,
  title={Modeling Mandatory Access Control in Role-Based Security Systems.},
  author={Nyanchama, Matunda and Osborn, Sylvia L},
  booktitle={DBSec},
  pages={129--144},
  year={1995},
  organization={Citeseer}
}

@inproceedings{olkkonen2006generic,
  title={Generic Authentication Architecture},
  author={Olkkonen, Timo},
  booktitle={Security and Privacy in Pervasive Computing, Seminar on Network Security, Espoo},
  year={2006}
}

@article{licklider,
  title={Memorandum for Members and affiliates of the Intergalactic Computer Network},
  author={Licklider, Joseph CR},
  journal={Apr},
  volume={23},
  pages={350--1},
  year={1963}
}

@article{nist,
  title={The NIST definition of cloud computing},
  author={Mell, Peter and Grance, Tim},
  year={2011},
  publisher={Computer Security Division, Information Technology Laboratory, National Institute of Standards and Technology},
  volume={x}
}

@inproceedings{taxonomy,
  title={A taxonomy and survey of cloud computing systems},
  author={Rimal, Bhaskar Prasad and Choi, Eunmi and Lumb, Ian},
  booktitle={INC, IMS and IDC, 2009. NCM'09. Fifth International Joint Conference on},
  pages={44--51},
  year={2009},
  organization={Ieee}
}

@incollection{cathome,
  title={Cloud@ home: Bridging the gap between volunteer and cloud computing},
  author={Cunsolo, Vincenzo D and Distefano, Salvatore and Puliafito, Antonio and Scarpa, Marco},
  booktitle={Emerging Intelligent Computing Technology and Applications},
  pages={423--432},
  year={2009},
  publisher={Springer}
}

@incollection{jin2010unstructured,
  title={Unstructured peer-to-peer network architectures},
  author={Jin, Xing and Chan, S-H Gary},
  booktitle={Handbook of Peer-to-Peer Networking},
  pages={117--142},
  year={2010},
  publisher={Springer}
}

@inproceedings{cunsolo2010volunteer,
  title={From volunteer to cloud computing: cloud@ home},
  author={Cunsolo, Vincenzo D and Distefano, Salvatore and Puliafito, Antonio and Scarpa, Marco},
  booktitle={Proceedings of the 7th ACM international conference on Computing frontiers},
  pages={103--104},
  year={2010},
  organization={ACM}
}

@inproceedings{cunsolo2010applying,
  title={Applying software engineering principles for designing cloud@ home},
  author={Cunsolo, Vincenzo D and Distefano, Salvatore and Puliafito, Antonio and Scarpa, Marco},
  booktitle={Cluster, Cloud and Grid Computing (CCGrid), 2010 10th IEEE/ACM International Conference on},
  pages={618--624},
  year={2010},
  organization={IEEE}
}

@inproceedings{aversa2011cloud,
  title={The Cloud@ Home project: towards a new enhanced computing paradigm},
  author={Aversa, Rocco and Avvenuti, Marco and Cuomo, Antonio and Di Martino, Beniamino and Di Modica, Giuseppe and Distefano, Salvatore and Puliafito, Antonio and Rak, Massimiliano and Tomarchio, Orazio and Vecchio, Alessio and others},
  booktitle={Euro-Par 2010 Parallel Processing Workshops},
  pages={555--562},
  year={2011},
  organization={Springer}
}

@inproceedings{aversa2011cloudperf,
  title={Cloud@ home: Performance management components},
  author={Aversa, Rocco and Bruneo, Dario and Cuomo, Antonio and Di Martino, Beniamino and Distefano, Salvatore and Puliafito, Antonio and Rak, Massimiliano and Venticinque, Salvatore and Villano, Umberto},
  booktitle={Euro-Par 2010 Parallel Processing Workshops},
  pages={579--586},
  year={2011},
  organization={Springer}
}

@inproceedings{distefano2011qos,
  title={QoS management in Cloud@ Home infrastructures},
  author={Distefano, Salvatore and Puliafito, Antonio and Rak, Massimiliano and Venticinque, Salvatore and Villano, Umberto and Cuomo, Antonio and Di Modica, Giuseppe and Tomarchio, Orazio},
  booktitle={Cyber-Enabled Distributed Computing and Knowledge Discovery (CyberC), 2011 International Conference on},
  pages={190--197},
  year={2011},
  organization={IEEE}
}

@misc{blewis,
  title = {Separation of Responsibilities.},
  author = {Lewis, Brian},
  year = {2011},
  note = {Taken from http://mythoughtsonit.com/2011/04/infrastructure-as-a-service-platform-as-a-service-software-as-a-servicetake-a-look-at-the-management-stack, Consulted: November 19th 2014.}

}

@inproceedings{gfs,
  title={The Google file system},
  author={Ghemawat, Sanjay and Gobioff, Howard and Leung, Shun-Tak},
  booktitle={ACM SIGOPS Operating Systems Review},
  volume={37},
  pages={29--43},
  year={2003},
  organization={ACM}
}

@incollection{cunsolo2010cloud,
  title={Cloud@ Home on top of RESERVOIR},
  author={Cunsolo, Vincenzo D and Distefano, Salvatore and Puliafito, Antonio},
  booktitle={Cloud Computing},
  pages={41--56},
  year={2010},
  publisher={Springer}
}

@incollection{cathome6,
  title={Open and Interoperable Clouds: The Cloud@ Home Way},
  author={Cunsolo, Vincenzo D and Distefano, Salvatore and Puliafito, Antonio and Scarpa, Marco},
  booktitle={Cloud Computing},
  pages={93--111},
  year=2010,
  publisher={Springer}
}

@inproceedings{cathome9,
  title={The cloud@ home resource management system},
  author={Distefano, Salvatore and Fazio, Maria and Puliafito, Antonio},
  booktitle={Utility and Cloud Computing (UCC), 2011 Fourth IEEE International Conference on},
  pages={122--129},
  year={2011},
  organization={IEEE}
}

@article{cathome11,
  title={Cloud@ Home: Toward a Volunteer Cloud},
  author={Distefano, Salvatore and Puliafito, Antonio},
  journal={IT Professional},
  volume={14},
  number={1},
  pages={27--31},
  year={2012}
}

@inproceedings{P2PCS,
  title={Design and implementation of a p2p cloud system},
  author={Babaoglu, Ozalp and Marzolla, Moreno and Tamburini, Michele},
  booktitle={Proceedings of the 27th Annual ACM Symposium on Applied Computing},
  pages={412--417},
  year={2012},
  organization={ACM}
}

@article{web20,
  title={What is Web 2.0: Design patterns and business models for the next generation of software},
  author={O'reilly, Tim},
  journal={Communications and Strategies},
  volume={65},
  number={1},
  pages={17--37},
  year={2007}
}

@inproceedings{ontology,
  title={Toward a unified ontology of cloud computing},
  author={Youseff, Lamia and Butrico, Maria and Da Silva, Dilma},
  booktitle={Grid Computing Environments Workshop, 2008. GCE'08},
  pages={1--10},
  year={2008},
  organization={IEEE}
}

@article{soa_cloud,
  title={Cloud computing: state-of-the-art and research challenges},
  author={Zhang, Qi and Cheng, Lu and Boutaba, Raouf},
  journal={Journal of internet services and applications},
  volume={1},
  number={1},
  pages={7--18},
  year={2010},
  publisher={Springer}
}

@article{vaquero,
  title={A break in the clouds: towards a cloud definition},
  author={Vaquero, Luis M and Rodero-Merino, Luis and Caceres, Juan and Lindner, Maik},
  journal={ACM SIGCOMM Computer Communication Review},
  volume={39},
  number={1},
  pages={50--55},
  year={2008},
  publisher={ACM}
}

@book{panzieri,
  title={Distributed computing in the 21st century: Some aspects of cloud computing},
  author={Panzieri, Fabio and Babaoglu, Ozalp and Ferretti, Stefano and Ghini, Vittorio and Marzolla, Moreno},
  year={2011},
  publisher={Springer}
}

@inproceedings{marzolla2011server,
  title={Server consolidation in clouds through gossiping},
  author={Marzolla, Moreno and Babaoglu, Ozalp and Panzieri, Fabio},
  booktitle={World of Wireless, Mobile and Multimedia Networks (WoWMoM), 2011 IEEE International Symposium on a},
  pages={1--6},
  year={2011},
  organization={IEEE}
}

@article{p2p_collab,
  title={Collaborative applications over peer-to-peer systems--challenges and solutions},
  author={Bandara, HMN Dilum and Jayasumana, Anura P},
  journal={Peer-to-Peer Networking and Applications},
  volume={6},
  number={3},
  pages={257--276},
  year={2013},
  publisher={Springer}
}

@article{pss,
  title={Gossip-based peer sampling},
  author={Jelasity, M{\'a}rk and Voulgaris, Spyros and Guerraoui, Rachid and Kermarrec, Anne-Marie and Van Steen, Maarten},
  journal={ACM Transactions on Computer Systems (TOCS)},
  volume={25},
  number={3},
  pages={8},
  year={2007},
  publisher={ACM}
}

@inproceedings{jelasity2006ordered,
  title={Ordered slicing of very large-scale overlay networks},
  author={Jelasity, Mark and Kermarrec, A-M},
  booktitle={Peer-to-Peer Computing, 2006. P2P 2006. Sixth IEEE International Conference on},
  pages={117--124},
  year={2006},
  organization={IEEE}
}

@incollection{cunsolo2010open,
  title={Open and Interoperable Clouds: The Cloud@ Home Way},
  author={Cunsolo, Vincenzo D and Distefano, Salvatore and Puliafito, Antonio and Scarpa, Marco},
  booktitle={Cloud Computing},
  pages={93--111},
  year={2010},
  publisher={Springer}
}

@article{lua2005survey,
  title={A survey and comparison of peer-to-peer overlay network schemes.},
  author={Lua, Eng Keong and Crowcroft, Jon and Pias, Marcelo and Sharma, Ravi and Lim, Steven and others},
  journal={IEEE Communications Surveys and Tutorials},
  volume={7},
  number={1-4},
  pages={72--93},
  year={2005}
}

@incollection{riviere2011gossip,
  title={Gossip-based networking for internet-scale distributed systems},
  author={Riviere, Etienne and Voulgaris, Spyros},
  booktitle={E-Technologies: Transformation in a Connected World},
  pages={253--284},
  year={2011},
  publisher={Springer}
}

@inproceedings{demers1987epidemic,
  title={Epidemic algorithms for replicated database maintenance},
  author={Demers, Alan and Greene, Dan and Hauser, Carl and Irish, Wes and Larson, John and Shenker, Scott and Sturgis, Howard and Swinehart, Dan and Terry, Doug},
  booktitle={Proceedings of the sixth annual ACM Symposium on Principles of distributed computing},
  pages={1--12},
  year={1987},
  organization={ACM}
}

@article{jelasity2009t,
  title={T-Man: Gossip-based fast overlay topology construction},
  author={Jelasity, M{\'a}rk and Montresor, Alberto and Babaoglu, Ozalp},
  journal={Computer networks},
  volume={53},
  number={13},
  pages={2321--2339},
  year={2009},
  publisher={Elsevier}
}

@inproceedings{bandara2012evaluation,
  title={Evaluation of P2P resource discovery architectures using real-life multi-attribute resource and query characteristics},
  author={Bandara, HMN Dilum and Jayasumana, Anura P},
  booktitle={Consumer Communications and Networking Conference (CCNC), 2012 IEEE},
  pages={634--639},
  year={2012},
  organization={IEEE}
}

@inproceedings{pasquet2014autonomous,
  title={Autonomous Multi-dimensional Slicing for Large-Scale Distributed Systems},
  author={Pasquet, Mathieu and Maia, Francisco and Rivi{\`e}re, Etienne and Schiavoni, Valerio},
  booktitle={Distributed Applications and Interoperable Systems},
  pages={141--155},
  year={2014},
  organization={Springer}
}

@inproceedings{ganesan2004one,
  title={One torus to rule them all: multi-dimensional queries in P2P systems},
  author={Ganesan, Prasanna and Yang, Beverly and Garcia-Molina, Hector},
  booktitle={Proceedings of the 7th International Workshop on the Web and Databases: colocated with ACM SIGMOD/PODS 2004},
  pages={19--24},
  year={2004},
  organization={ACM}
}

@incollection{maymounkov2002kademlia,
  title={Kademlia: A peer-to-peer information system based on the xor metric},
  author={Maymounkov, Petar and Mazieres, David},
  booktitle={Peer-to-Peer Systems},
  pages={53--65},
  year={2002},
  publisher={Springer}
}

@misc{dell,
 author  = {De la Rosa, Jose and Baxley, Kent},
 title   = {LXC containers in Ubuntu Server 14.04 LTS},
 year    = {June 2014},
 howpublished={\url{http://en.community.dell.com/techcenter/os-applications/w/wiki/6950.lxc-containers-in-ubuntu-server-14-04-lts}},
 note    = {Accessed: 30-12-2014},
}

@misc{docker,
  title = {Docker},
  author = {Hykes, Solomon},
  howpublished = {\url{http://docs.docker.com/}},
  note = {Accessed: 16-02-2015},
  year ={2015}
}

@misc{wikiseti,
  title = {Seti@Home Wikipedia Article},
  author = {Wikipedia},
  howpublished = {\url{http://en.wikipedia.org/wiki/SETI@home}},
  note = {Accessed: 16-02-2015},
  year ={2015}
}

@misc{salesforce,
  title = {CRM and Cloud Computing To Grow Your Business: Salesforce.com Canada},
  author = {salesforce.com, inc.},
  howpublished = {\url{http://www.salesforce.com/ca/}},
  note = {Accessed: 16-02-2015},
  year ={2015}
}

@inproceedings{anderson2003public,
  title={Public computing: Reconnecting people to science},
  author={Anderson, David P},
  booktitle={Conference on Shared Knowledge and the Web},
  pages={17--19},
  year={2003}
}

@inproceedings{cunsolo2009volunteer,
  title={Volunteer computing and desktop cloud: The cloud@ home paradigm},
  author={Cunsolo, Vincenzo D and Distefano, Salvatore and Puliafito, Antonio and Scarpa, Marco},
  booktitle={Network Computing and Applications, 2009. NCA 2009. Eighth IEEE International Symposium on},
  pages={134--139},
  year={2009},
  organization={IEEE}
}

@inproceedings{anderson2006computational,
  title={The computational and storage potential of volunteer computing},
  author={Anderson, David P and Fedak, Gilles},
  booktitle={Cluster Computing and the Grid, 2006. CCGRID 06. Sixth IEEE International Symposium on},
  volume={1},
  pages={73--80},
  year={2006},
  organization={IEEE}
}

@book{berman2003grid,
  title={Grid computing: making the global infrastructure a reality},
  author={Berman, Fran and Fox, Geoffrey and Hey, Anthony JG},
  volume={2},
  year={2003},
  publisher={John Wiley and sons}
}

@incollection{dinger2009decentralized,
  title={Decentralized bootstrapping of P2P systems: a practical view},
  author={Dinger, Jochen and Waldhorst, Oliver P},
  booktitle={NETWORKING 2009},
  pages={703--715},
  year={2009},
  publisher={Springer}
}

@article{sarmady2010survey,
  title={A survey on Peer-to-Peer and DHT},
  author={Sarmady, Siamak},
  journal={arXiv preprint arXiv:1006.4708},
  year={2010}
}

@misc{cgroups,
  title={Linux Kernel Documentation/cgroups/cgroups. txt},
  author={Menage, Paul},
  year={2011}
}

@article{emelyanov2007pid,
  title={PID Namespaces in the 2.6. 24 Kernel},
  author={Emelyanov, Pavel and Kolyshkin, Kir},
  journal={LWN. net, November},
  year={2007}
}

@misc{dockercon,
  title = {DockerCon},
  author = {Hykes, Solomon},
  howpublished = {\url{http://www.dockercon.com/}},
  note = {Accessed: 30-12-2014},
  year ={2014}
}

@misc{azure,
  title = {What is Microsoft Azure?},
  author = {Microsoft Inc.},
  howpublished = {\url{https://azure.microsoft.com/en-us/overview/what-is-azure/}},
  note = {Accessed: 30-12-2014},
  year ={2014}
}

@misc{gae_web,
title={Google App Engine Documentation},
author={Google Inc.},
howpublished={\url{https://cloud.google.com/appengine/docs}},
note={Accessed: 08-01-2015},
year={2014}
}

@misc{AWS,
title={Amazon Web Services},
author={Amazon Web Services Inc.},
howpublished={\url{http://aws.amazon.com/}},
note={Accessed: 08-01-2015},
year=2015
}

@article{codd1970relational,
  title={A relational model of data for large shared data banks},
  author={Codd, Edgar F},
  journal={Communications of the ACM},
  volume={13},
  number={6},
  pages={377--387},
  year={1970},
  publisher={ACM}
}

@article{linders1976distributed,
  title={Distributed data bases},
  author={Linders, James G},
  journal={Computers \& Geosciences},
  volume={2},
  number={3},
  pages={293--297},
  year={1976},
  publisher={Elsevier}
}

@book{draffan1980distributed,
  title={Distributed data bases},
  author={Draffan, IW and Poole, F},
  year={1980},
  publisher={CUP Archive}
}

@book{ozsu2011principles,
  title={Principles of distributed database systems},
  author={{\"O}zsu, M Tamer and Valduriez, Patrick},
  year={2011},
  publisher={Springer}
}

@article{fitzpatrick2011memcached,
  title={Memcached: a distributed memory object caching system},
  author={Fitzpatrick, Brad},
  journal={Memcached-a Distributed Memory Object Caching System},
  year={2011}
}

@book{ahmed2014collaborative,
  title={Collaborative Web Hosting: Challenges and Research Directions},
  author={Ahmed, Reaz and Boutaba, Raouf},
  year={2014},
  publisher={Springer}
}

@misc{shirey2009rfc,
  title={RFC 4949: Internet Security Glossary, Version 2; 2007},
  author={SHIREY, R},
  year={2009}
}

@misc{ethics1989rfc, 
  title={RFC 1087: Ethics of the Internet},
  author={Network Working Group, Internet Activities Board},
  year={1989}
} 

@book{spinello2010cyberethics,
  title={Cyberethics: Morality and law in cyberspace},
  author={Spinello, Richard},
  year={2010},
  publisher={Jones \& Bartlett Learning}
}

@book{tavani2010ethics,
  title={Ethics and technology: Controversies, questions, and strategies for ethical computing},
  author={Tavani, Herman T},
  year={2010},
  publisher={John Wiley \& Sons}
}

@article{barquin1992pursuit,
  title={In pursuit of a ‘ten commandments’ for computer ethics},
  author={Barquin, Ramon C},
  journal={Computer Ethics Institute},
  year={1992}
}

@techreport{jones2012oauth,
  title={The OAuth 2.0 Authorization Framework: Bearer Token Usage},
  author={Jones, M and Hardt, Dick},
  year={2012},
  institution={RFC 6750, October}
}

@article{Cockburn2008,
    author = {Cockburn, Alistair},
    citeulike-article-id = {11732413},
    journal = {STSC CrossTalk},
    number = {5},
    posted-at = {2012-11-20 08:42:25},
    priority = {2},
    title = {{Using both incremental and iterative development}},
    volume = {21},
    year = {2008}
}

@article{anderson2002seti,
  title={SETI@ home: an experiment in public-resource computing},
  author={Anderson, David P and Cobb, Jeff and Korpela, Eric and Lebofsky, Matt and Werthimer, Dan},
  journal={Communications of the ACM},
  volume={45},
  number={11},
  pages={56--61},
  year={2002},
  publisher={ACM}
}

@inproceedings{anderson2004boinc,
  title={Boinc: A system for public-resource computing and storage},
  author={Anderson, David P},
  booktitle={Grid Computing, 2004. Proceedings. Fifth IEEE/ACM International Workshop on},
  pages={4--10},
  year={2004},
  organization={IEEE}
}

@incollection{distefano2010taxonomic,
  title={A taxonomic specification of Cloud@ Home},
  author={Distefano, Salvatore and Cunsolo, Vincenzo D and Puliafito, Antonio},
  booktitle={Advanced Intelligent Computing Theories and Applications. With Aspects of Artificial Intelligence},
  pages={527--534},
  year={2010},
  publisher={Springer}
}

@article{anjomshoa2015taxonomy,
  title={A Taxonomy and Survey of Distributed Computing Systems},
  author={Anjomshoa, Mohammadfazel and Salleh, Mazleena and Kermani, Maryam Pouryazdanpanah},
  journal={Journal of Applied Sciences},
  volume={15},
  number={1},
  year={2015}
}

@inproceedings{chandra2009nebulas,
  title={Nebulas: Using distributed voluntary resources to build clouds},
  author={Chandra, Abhishek and Weissman, Jon},
  booktitle={Proceedings of the 2009 conference on Hot topics in cloud computing},
  pages={2--2},
  year={2009},
  organization={USENIX Association}
}

@article{mondejar2013cloudsnap,
  title={CloudSNAP: A transparent infrastructure for decentralized web deployment using distributed interception},
  author={Mond{\'e}jar, Rub{\'e}n and Garc{\'\i}a-L{\'o}pez, Pedro and Pairot, Carles and Pamies-Juarez, Lluis},
  journal={Future Generation Computer Systems},
  volume=29,
  number=1,
  pages={370--380},
  year=2013,
  publisher={Elsevier}
}

@inproceedings{semnanian2011virtualization,
  title={Virtualization technology and its impact on computer hardware architecture},
  author={Semnanian, Amir Ali and Pham, Jeffrey and Englert, Burkhard and Wu, Xiaolong},
  booktitle={Information Technology: New Generations (ITNG), 2011 Eighth International Conference on},
  pages={719--724},
  year={2011},
  organization={IEEE}
}

@book{chisnall2008definitive,
  title={The definitive guide to the xen hypervisor},
  author={Chisnall, David},
  year={2008},
  publisher={Pearson Education}
}

@article{barham2003xen,
  title={Xen and the art of virtualization},
  author={Barham, Paul and Dragovic, Boris and Fraser, Keir and Hand, Steven and Harris, Tim and Ho, Alex and Neugebauer, Rolf and Pratt, Ian and Warfield, Andrew},
  journal={ACM SIGOPS Operating Systems Review},
  volume={37},
  number={5},
  pages={164--177},
  year={2003},
  publisher={ACM}
}

@article{popek1974formal,
  title={Formal requirements for virtualizable third generation architectures},
  author={Popek, Gerald J and Goldberg, Robert P},
  journal={Communications of the ACM},
  volume={17},
  number={7},
  pages={412--421},
  year={1974},
  publisher={ACM}
}

@article{watson2008virtualbox,
  title={Virtualbox: bits and bytes masquerading as machines},
  author={Watson, Jon},
  journal={Linux Journal},
  volume={2008},
  number={166},
  pages={1},
  year={2008},
  publisher={Belltown Media}
}

@inproceedings{gergin2014decentralized,
  title={A Decentralized Autonomic Architecture for Performance Control in the Cloud},
  author={Gergin, Ian and Simmons, Bradley and Litoiu, Marin},
  booktitle={Cloud Engineering (IC2E), 2014 IEEE International Conference on},
  pages={574--579},
  year={2014},
  organization={IEEE}
}

@misc{fsf,
  title = {Free Software Foundation -- working together for free software.},
  author = {Free Software Foundation inc.},
  howpublished = {\url{http://www.fsf.org}},
  note = {Accessed: 30-12-2014},
  year ={2014}
}




@misc{cherrypy,
  title = {CherryPy: A Minimalist Python Web Framework.},
  author = {CherryPy Team},
  howpublished = {\url{http://www.cherrypy.org}},
  note = {Accessed: 30-12-2014},
  year ={2014}
}

@article{mckellar2013twisted,
  title={Twisted network programming essentials},
  author={McKellar, Jessica and Fettig, Abe},
  year={2013},
  publisher={O'Reilly}
}

@misc{twisted
  title={Twisted Matrix Labs},
  author={Original Author: Glyph Lefkowitz},
  howpublished={\url{https://www.twistedmatrix.com/trac}},
  note={Accessed: 30-12-2014},
  year={2014}
}

@misc{kademlia_python,
  title = {Kademlia: A DHT in Python},
  author = {Brian Muller},
  howpublished = {\url{http://findingscience.com/python/kademlia/dht/2014/02/14/kademlia:-a-dht-in-python.html}},
  note = {Accessed: 30-12-2014},
  year ={2014}
}

@article{luo2011self,
  title={A self-organized public-key certificate system in p2p network},
  author={Luo, Zhen and Li, Zhishu and Cai, Biao},
  journal={Journal of Networks},
  volume={6},
  number={10},
  pages={1437--1443},
  year={2011}
}

@article{michelson2006event,
  title={Event-driven architecture overview},
  author={Michelson, Brenda M},
  journal={Patricia Seybold Group},
  volume={2},
  year={2006}
}

@article{qazvinian2008summarising,
  title={Summarising text with a genetic algorithm-based sentence extraction},
  author={Qazvinian, Vahed and Hassanabadi, Leila Sharif and Halavati, Ramin},
  journal={International Journal of Knowledge Management Studies},
  volume={2},
  number={4},
  pages={426--444},
  year={2008},
  publisher={Inderscience}
}

@book{eiben2008introduction,
  title={Introduction to evolutionary computing},
  author={Eiben, Agoston E and Smith, James E},
  year={2008},
  publisher={Springer Science \& Business Media}
}

@book{mani1999advances,
  title={Advances in automatic text summarization},
  author={Mani, Inderjeet and Maybury, Mark T},
  volume={293},
  year={1999},
  publisher={MIT Press}
}

@article{jones1999automatic,
  title={Automatic summarizing: factors and directions},
  author={Jones, K Sparck and others},
  journal={Advances in automatic text summarization},
  pages={1--12},
  year={1999},
  publisher={Cambridge, MA: MIT Press}
}

@inproceedings{goldstein2000multi,
  title={Multi-document summarization by sentence extraction},
  author={Goldstein, Jade and Mittal, Vibhu and Carbonell, Jaime and Kantrowitz, Mark},
  booktitle={Proceedings of the 2000 NAACL-ANLPWorkshop on Automatic summarization-Volume 4},
  pages={40--48},
  year={2000},
  organization={Association for Computational Linguistics}
}

@misc{rethinkdb,
  title = {RethinkDB: The open-source database for the realtime web.},
  author = {Opensource},
  howpublished = {\url{http://rethinkdb.com/}},
  note = {Accessed: 12-05-2015},
  year ={2015}
}

@misc{milojicic2002peer,
  title={Peer-to-peer computing},
  author={Milojicic, Dejan S and Kalogeraki, Vana and Lukose, Rajan and Nagaraja, Kiran and Pruyne, Jim and Richard, Bruno and Rollins, Sami and Xu, Zhichen},
  year={2002},
  publisher={Technical Report HPL-2002-57, HP Labs}
}

@book{barkai2001peer,
  title={Peer-to-Peer Computing: technologies for sharing and collaborating on the net},
  author={Barkai, David},
  year={2001},
  publisher={Intel Press}
}

@inproceedings{jagadish2005baton,
  title={Baton: A balanced tree structure for peer-to-peer networks},
  author={Jagadish, Hosagrahar V and Ooi, Beng Chin and Vu, Quang Hieu},
  booktitle={Proceedings of the 31st international conference on Very large data bases},
  pages={661--672},
  year={2005},
  organization={VLDB Endowment}
}

@article{stoica2001chord,
  title={Chord: A scalable peer-to-peer lookup service for internet applications},
  author={Stoica, Ion and Morris, Robert and Karger, David and Kaashoek, M Frans and Balakrishnan, Hari},
  journal={ACM SIGCOMM Computer Communication Review},
  volume={31},
  number={4},
  pages={149--160},
  year={2001},
  publisher={ACM}
}

@book{dolev2000self,
  title={Self-stabilization},
  author={Dolev, Shlomi},
  year={2000},
  publisher={MIT press}
}

@incollection{tavangarian2012virtual,
  title={Virtual Computing: The Emperor’s New Clothes?},
  author={Tavangarian, Djamshid},
  booktitle={Software Service and Application Engineering},
  pages={53--70},
  year={2012},
  publisher={Springer}
}

@incollection{dearle2004flexible,
  title={A flexible and secure deployment framework for distributed applications},
  author={Dearle, Alan and Kirby, Graham and McCarthy, Andrew and y Carballo, Juan Carlos Diaz},
  booktitle={Component Deployment},
  pages={219--233},
  year={2004},
  publisher={Springer}
}

@inproceedings{carstensen1999computer,
  title={Computer supported cooperative work: New challenges to systems design},
  author={Carstensen, Peter H and Schmidt, Kjeld},
  booktitle={In K. Itoh (Ed.), Handbook of Human Factors},
  year={1999},
  organization={Citeseer}
}

@misc{google_sso,
  title = {Google Identity Platform},
  author = {Google Developers},
  howpublished = {\url{https://developers.google.com/identity/}},
  note = {Accessed: 12-05-2015},
  year ={2015}
}

@misc{lxc,
  title = {Linux Containers},
  author = {Canonical Ltd. and open-source},
  howpublished = {\url{https://linuxcontainers.org/}},
  note = {Accessed: 12-05-2015},
  year ={2015}
}

@article{kephart2003vision,
  title={The vision of autonomic computing},
  author={Kephart, Jeffrey O and Chess, David M},
  journal={Computer},
  volume={36},
  number={1},
  pages={41--50},
  year={2003},
  publisher={IEEE}
}

@article{ghosh2007self,
  title={Self-healing systems—survey and synthesis},
  author={Ghosh, Debanjan and Sharman, Raj and Rao, H Raghav and Upadhyaya, Shambhu},
  journal={Decision Support Systems},
  volume={42},
  number={4},
  pages={2164--2185},
  year={2007},
  publisher={Elsevier}
}

@inproceedings{berns2009dissecting,
  title={Dissecting self-* properties},
  author={Berns, Andrew and Ghosh, Sukumar},
  booktitle={Self-Adaptive and Self-Organizing Systems, 2009. SASO'09. Third IEEE International Conference on},
  pages={10--19},
  year={2009},
  organization={IEEE}
}

@article{psaier2011survey,
  title={A survey on self-healing systems: approaches and systems},
  author={Psaier, Harald and Dustdar, Schahram},
  journal={Computing},
  volume={91},
  number={1},
  pages={43--73},
  year={2011},
  publisher={Springer}
}

@article{jelasity2005gossip,
  title={Gossip-based aggregation in large dynamic networks},
  author={Jelasity, M{\'a}rk and Montresor, Alberto and Babaoglu, Ozalp},
  journal={ACM Transactions on Computer Systems (TOCS)},
  volume={23},
  number={3},
  pages={219--252},
  year={2005},
  publisher={ACM}
}

@article{birman2007promise,
  title={The promise, and limitations, of gossip protocols},
  author={Birman, Ken},
  journal={ACM SIGOPS Operating Systems Review},
  volume={41},
  number={5},
  pages={8--13},
  year={2007},
  publisher={ACM}
}

@article{jelasitygossip,
  title={Gossip-based Protocols for Large-scale Distributed Systems},
  author={Jelasity, M{\'a}rk}
}

@article{urdaneta2011survey,
  title={A survey of DHT security techniques},
  author={Urdaneta, Guido and Pierre, Guillaume and Steen, Maarten Van},
  journal={ACM Computing Surveys (CSUR)},
  volume={43},
  number={2},
  pages={8},
  year={2011},
  publisher={ACM}
}

@book{richardson2008restful,
  title={RESTful web services},
  author={Richardson, Leonard and Ruby, Sam},
  year={2008},
  publisher={" O'Reilly Media, Inc."}
}

@article{keller2003wsla,
  title={The WSLA framework: Specifying and monitoring service level agreements for web services},
  author={Keller, Alexander and Ludwig, Heiko},
  journal={Journal of Network and Systems Management},
  volume={11},
  number={1},
  pages={57--81},
  year={2003},
  publisher={Springer}
}

@book{sturm2000foundations,
  title={Foundations of service level management},
  author={Sturm, Rick and Morris, Wayne and Jander, Mary},
  volume={13},
  year={2000},
  publisher={Sams Indianapolis, IN}
}
